@INPROCEEDINGS{Aggarwal06achievinganonymity,
    author = {Gagan Aggarwal and Samir Khuller and Tom√°s Feder},
    title = {Achieving Anonymity via Clustering},
    booktitle = {In PODS},
    year = {2006},
    pages = {153--162}
}


@incollection{Armon,
year={2008},
isbn={978-3-540-77917-9},
booktitle={Approximation and Online Algorithms},
volume={4927},
series={Lecture Notes in Computer Science},
editor={Kaklamanis, Christos and Skutella, Martin},
doi={10.1007/978-3-540-77918-6_11},
title={On Min-Max r-Gatherings},
url={http://dx.doi.org/10.1007/978-3-540-77918-6_11},
publisher={Springer Berlin Heidelberg},
author={Armon, Amitai},
pages={128-141},
language={English}
}

@inproceedings{Shalita:2009:EAP:1496770.1496781,
 author = {Shalita, Alon and Zwick, Uri},
 title = {Efficient Algorithms for the 2-gathering Problem},
 booktitle = {Proceedings of the Twentieth Annual ACM-SIAM Symposium on Discrete Algorithms},
 series = {SODA '09},
 year = {2009},
 location = {New York, New York},
 pages = {96--105},
 numpages = {10},
 url = {http://dl.acm.org/citation.cfm?id=1496770.1496781},
 acmid = {1496781},
 publisher = {Society for Industrial and Applied Mathematics},
 address = {Philadelphia, PA, USA},
} 

@inproceedings{Svitkina:2008:LFL:1347082.1347208,
 author = {Svitkina, Zoya},
 title = {Lower-bounded Facility Location},
 booktitle = {Proceedings of the Nineteenth Annual ACM-SIAM Symposium on Discrete Algorithms},
 series = {SODA '08},
 year = {2008},
 location = {San Francisco, California},
 pages = {1154--1163},
 numpages = {10},
 url = {http://dl.acm.org/citation.cfm?id=1347082.1347208},
 acmid = {1347208},
 publisher = {Society for Industrial and Applied Mathematics},
 address = {Philadelphia, PA, USA},
} 

@inproceedings{Karget:2000:BST:795666.796578,
 author = {Karget, D. R. and Minkoff, M.},
 title = {Building Steiner Trees with Incomplete Global Knowledge},
 booktitle = {Proceedings of the 41st Annual Symposium on Foundations of Computer Science},
 series = {FOCS '00},
 year = {2000},
 isbn = {0-7695-0850-2},
 pages = {613--},
 url = {http://dl.acm.org/citation.cfm?id=795666.796578},
 acmid = {796578},
 publisher = {IEEE Computer Society},
 address = {Washington, DC, USA},
 keywords = {Steiner trees, approximation theory, assignment cost, bicriterion approximation, client-server systems, combinational switching, concave cost functions, connection probability, data item distribution, data-requesting clients, economies of scale, facility location, facility location problem, fixed data path specification, incomplete global knowledge, minimisation, minimum demand, network design problems, network synthesis, network usage minimization, open facilities, trees (mathematics), uncertainty handling, vertex}
} 

@techreport{Guha:2000:HPN:892551,
 author = {Guha, Sudipto and Meyerson, Adam and Munagala, Kamesh},
 title = {Hierarchical Placement and Network Design Problems.},
 year = {2000},
 publisher = {Stanford University},
 address = {Stanford, CA, USA}
} 

@inproceedings{DBLP:conf/stoc/AnshelevichK07,
  author    = {Elliot Anshelevich and
               Adriana Karagiozova},
  title     = {Terminal backup, 3D matching, and covering cubic graphs},
  booktitle = {Proceedings of the 39th Annual {ACM} Symposium on Theory of Computing,
               San Diego, California, USA, June 11-13, 2007},
  pages     = {391--400},
  year      = {2007},
  crossref  = {DBLP:conf/stoc/2007},
  url       = {http://doi.acm.org/10.1145/1250790.1250849},
  doi       = {10.1145/1250790.1250849},
  timestamp = {Wed, 13 Jun 2007 12:33:13 +0200},
  biburl    = {http://dblp.uni-trier.de/rec/bib/conf/stoc/AnshelevichK07},
  bibsource = {dblp computer science bibliography, http://dblp.org}
}

